
@misc{infowolterskluwercz_zakon_nodate,
	title = {Zákon 89/2012 {Sb}. občanský zákoník úplné a aktualní znění},
	url = {https://www.noveaspi.cz/products/lawText/1/74907/1/2},
	abstract = {Zákon č. 89/2012 Sb. - občanský zákoník úplné a aktualní znění},
	language = {cs},
	urldate = {2020-01-19},
	journal = {Nové ASPI},
	author = {info@wolterskluwer.cz, a s-, Wolters Kluwer ČR},
	file = {Snapshot:/Users/dominikbalint/Zotero/storage/VT5K668D/2.html:text/html}
}

@misc{infowolterskluwercz_zakon_nodate2,
	title = {Zákon 89/2012 {Sb}. občanský zákoník úplné a aktualní znění},
	url = {https://www.noveaspi.cz/products/lawText/1/74907/1/2},
	abstract = {Zákon č. 89/2012 Sb. - občanský zákoník úplné a aktualní znění},
	language = {cs},
	urldate = {2020-01-19},
	journal = {Nové ASPI},
	author = {info@wolterskluwer.cz, a s-, Wolters Kluwer ČR},
	file = {Snapshot:/Users/dominikbalint/Zotero/storage/VT5K668D/2.html:text/html}
}

@book{bednarikova_barbora_sverenske_2014,
	address = {Praha},
	title = {Svěřenské fondy. {Institut} pro uchování a převody rodinného majetku. 2., aktualizované vyd.},
	publisher = {Wolters Kluwer},
	author = {Bednaříková, Barbora},
	year = {2014}
}

@misc{noauthor_zakon_nodate,
	title = {Zákon č. 141/1950 {Sb}., {Občanský} zákoník},
	year = {1950}
}

@misc{noauthor_zakon_2012,
	title = {Zákon č. 89/2012 {Sb}., {Občanský} zákoník},
	year = {2012}
}

@misc{noauthor_zakon_1964,
	title = {Zákon č. 40/1964 {Sb}., {Občanský} zákoník},
	year = {1964}
}

@misc{noauthor_fideicommissum_nodate,
	title = {Fideicommissum – {Iurium} {Wiki}},
	url = {https://wiki.iurium.cz/w/Fideicommissum},
	urldate = {2020-01-22},
	file = {Fideicommissum – Iurium Wiki:/Users/dominikbalint/Zotero/storage/KD9HDRBM/Fideicommissum.html:text/html}
}

@book{trust_2014,
	address = {Praha},
	title = {Trust a srovnatelné instituty v Evropě},
	publisher = {centrum právní komparatistiky PFUK v Praze},
	author = {{Tichý, Luboš, Kateřina, Ronovská. a Kocí, Milos}},
	year = {2014}
}

@book{blaho_peter_haramia_ivan_a_zidlicka_michaela_zaklady_1997,
	address = {Bratislava},
	title = {Základy rímskeho práva},
	isbn = {80-85719-07-X},
	number = {1. vyd.},
	publisher = {Manz},
	author = {{BLAHO, Peter, HARAMIA, Ivan. a ŽIDLICKÁ, Michaela}},
	year = {1997}
}

@article{marek_karel_redakcni_rada_casopis_2012,
	title = {Časopis pro právní vědu a praxi},
	issn = {1210-9126},
	number = {Právnická fakulta Masarykovi Univerzity v Brně},
	author = {{MAREK, Karel, Redakční rada}},
	year = {2012}
}