
@misc{infowolterskluwercz_zakon_nodate,
	title = {Zákon 89/2012 {Sb}. občanský zákoník úplné a aktualní znění},
	url = {https://www.noveaspi.cz/products/lawText/1/74907/1/2},
	abstract = {Zákon č. 89/2012 Sb. - občanský zákoník úplné a aktualní znění},
	language = {cs},
	urldate = {2020-01-19},
	journal = {Nové ASPI},
	author = {info@wolterskluwer.cz, a s-, Wolters Kluwer ČR},
	file = {Snapshot:/Users/dominikbalint/Zotero/storage/VT5K668D/2.html:text/html}
}

@misc{noauthor_ctan_nodate,
	title = {{CTAN}: /tex-archive/systems/mac/mactex},
	url = {https://www.ctan.org/tex-archive/systems/mac/mactex},
	urldate = {2020-01-19},
	file = {CTAN\: /tex-archive/systems/mac/mactex:/Users/dominikbalint/Zotero/storage/RU28QSQP/mactex.html:text/html}
}

@book{bednarikova_barbora_sverenske_2014,
	address = {Praha},
	title = {Svěřenské fondy. {Institut} pro uchování a převody rodinného majetku. 2., aktualizované vyd.},
	publisher = {Wolters Kluwer},
	author = {Bednaříková, Barbora},
	year = {2014}
}

@misc{noauthor_zakon_1950,
	title = {Zákon č. 141/1950 {Sb}., {Občanský} zákoník},
	year = {1950}
}

@article{johnston_fideicommissa_2016,
	title = {fideicommissa},
	url = {https://oxfordre.com/view/10.1093/acrefore/9780199381135.001.0001/acrefore-9780199381135-e-6966},
	doi = {10.1093/acrefore/9780199381135.013.6966},
	language = {en},
	urldate = {2020-01-21},
	journal = {Oxford Research Encyclopedia of Classics},
	author = {Johnston, David},
	month = mar,
	year = {2016},
	file = {Snapshot:/Users/dominikbalint/Zotero/storage/Y8VPQ6AR/acrefore-9780199381135-e-6966.html:text/html}
}

@misc{noauthor_online_nodate,
	title = {{ONLINE} {LATIN} {DICTIONARY} - {Latin} - {English}},
	url = {https://www.online-latin-dictionary.com/latin-english-dictionary.php?parola=commissum},
	urldate = {2020-01-21},
	file = {ONLINE LATIN DICTIONARY - Latin - English:/Users/dominikbalint/Zotero/storage/K6H5NGK5/latin-english-dictionary.html:text/html;ONLINE LATIN DICTIONARY - Latin - English:/Users/dominikbalint/Zotero/storage/MV7Y4VLY/latin-english-dictionary.html:text/html}
}

@misc{noauthor_zakon_2012,
	title = {Zákon č. 89/2012 {Sb}., {Občanský} zákoník},
	year = {2012}
}

@misc{noauthor_nejasnosti_2018,
	title = {Nejasnosti ve svěřenském fondu pro případ smrti – doporučujeme zřídit svěřenský fond za života!},
	url = {https://www.havelpartners.cz/nejasnosti-ve-sverenskem-fondu-pro-pripad-smrti-doporucujeme-zridit-sverensky-fond-za-zivota/},
	abstract = {Autor: David Neveselý (partner) Zdroj: pravniprostor.cz (6. 9. 2018) V  dnešní době narážíme na situaci, kdy vlastník prosperující obchodní společnosti (podnikání) nemá komu předat její řízení. Děti nemají o  převzetí společnosti zájem, anebo nemají dostatečné vzdělání, znalosti či zkušenosti, aby tuto společnost mohly dále úspěšně vést a  spravovat. Jak tedy v  takovém případě postupovat? Jednou …},
	language = {cs-CZ},
	urldate = {2020-01-21},
	journal = {HAVEL \& PARTNERS},
	month = sep,
	year = {2018},
	file = {Snapshot:/Users/dominikbalint/Zotero/storage/P625GMFE/nejasnosti-ve-sverenskem-fondu-pro-pripad-smrti-doporucujeme-zridit-sverensky-fond-za-zivota.html:text/html}
}

@misc{sro_httpwwwpraguebestcz_prakticke_nodate,
	title = {Praktické aspekty svěřenského fondu ve světle návrhu urgentní novely občanského zákoníku},
	url = {https://www.nkcr.cz/casopis-ad-notam/detail/39_191-prakticke-aspekty-sverenskeho-fondu-ve-svetle-navrhu-urgentni-novely-obcanskeho-zakoniku},
	abstract = {Popis v nastavení - prezentace - NKČR CZ},
	language = {cs},
	urldate = {2020-01-21},
	author = {s.r.o. [http://www.praguebest.cz, PragueBest and NKČR},
	file = {Snapshot:/Users/dominikbalint/Zotero/storage/E4XSSLWI/39_191-prakticke-aspekty-sverenskeho-fondu-ve-svetle-navrhu-urgentni-novely-obcanskeho-zakoniku.html:text/html;Snapshot:/Users/dominikbalint/Zotero/storage/NZIKP34L/39_191-prakticke-aspekty-sverenskeho-fondu-ve-svetle-navrhu-urgentni-novely-obcanskeho-zakoniku.html:text/html}
}

@misc{noauthor_sverenske_nodate,
	title = {Svěřenské fondy. {Investiční}, ochranný, dědický fond. {Obchodní} trust. {Bezpečná} správa vašich financí - {Rodinný} a dědický},
	url = {http://www.sverensky-trust.cz/index.php/druhy-deleni-sverenskych-fondu/content-views},
	urldate = {2020-01-21},
	file = {Svěřenské fondy. Investiční, ochranný, dědický fond. Obchodní trust. Bezpečná správa vašich financí - Rodinný a dědický:/Users/dominikbalint/Zotero/storage/I6AWHH8Q/content-views.html:text/html}
}

@misc{noauthor_individualni_nodate,
	title = {Individuální úprava dědictví {\textbar} norfolktrust.cz},
	url = {https://www.norfolktrust.cz/moznosti-vyuziti/individualni-uprava-dedictvi},
	urldate = {2020-01-21},
	file = {Individuální úprava dědictví | norfolktrust.cz:/Users/dominikbalint/Zotero/storage/TU4E6HT7/individualni-uprava-dedictvi.html:text/html}
}

@misc{noauthor_sverensky_nodate,
	title = {Svěřenský fond: {Dědictví} je mnohem jednodušší},
	shorttitle = {Svěřenský fond},
	url = {HTTPS://babinet.cz/clanek-16528-sverensky-fond-dedictvi-je-mnohem-jednodussi.html},
	abstract = {Nemusí být každý z nás odborníkem na právo, ale co se stane s mým majetkem po mé smrti, jak bude rozdělen, komu z mých příbuzných připadne,...},
	language = {cs},
	urldate = {2020-01-21},
	journal = {Babinet.cz},
	file = {Snapshot:/Users/dominikbalint/Zotero/storage/DE7BA9C7/clanek-16528-sverensky-fond-dedictvi-je-mnohem-jednodussi.html:text/html}
}

@misc{noauthor_clanky_nodate,
	title = {Články {\textbar} {Právní} prostor},
	url = {https://www.pravniprostor.cz/clanky/params/tag/nepominutelny-dedic},
	urldate = {2020-01-21},
	file = {Články | Právní prostor:/Users/dominikbalint/Zotero/storage/6BKL5YPG/nepominutelny-dedic.html:text/html}
}

@article{jurcik_sverensky_nodate,
	title = {Svěřenský fond mortis causa},
	language = {cs},
	author = {Jurčík, Vítězslav},
	pages = {67},
	file = {Jurčík - Svěřenský fond mortis causa.pdf:/Users/dominikbalint/Zotero/storage/RWDTRL6H/Jurčík - Svěřenský fond mortis causa.pdf:application/pdf}
}

@misc{noauthor_institut_nodate,
	title = {Institut nepominutelného dědice},
	url = {https://is.muni.cz/th/ak74o/Institut_nepominutelneho_dedice_doplneny_o_pohled_notarske_praxe_21._stoleti.txt},
	urldate = {2020-01-21},
	file = {:/Users/dominikbalint/Zotero/storage/FYGSYIRV/Institut_nepominutelneho_dedice_doplneny_o_pohled_notarske_praxe_21._stoleti.html:text/html}
}

@misc{noauthor_jak_nodate,
	title = {Jak řešit a vyřešit {DĚDICTVÍ} za života, podle {Vás}?},
	url = {http://www.eura-holding.eu/dedictvi-.htm},
	urldate = {2020-01-21},
	file = {Jak řešit a vyřešit DĚDICTVÍ za života, podle Vás?:/Users/dominikbalint/Zotero/storage/RD4L8QYL/dedictvi-.html:text/html}
}

@misc{noauthor_nepominutelny_nodate,
	title = {Nepominutelný dědic {\textbar} {Slovník} {\textbar} {Svěřenská} správa},
	url = {https://www.svsp.cz/slovnik/nepominutelny-dedic},
	urldate = {2020-01-21},
	file = {Snapshot:/Users/dominikbalint/Zotero/storage/22Z7LL43/nepominutelny-dedic.html:text/html}
}

@misc{noauthor_fideicommissum_nodate,
	title = {Fideicommissum – {Iurium} {Wiki}},
	url = {https://wiki.iurium.cz/w/Fideicommissum},
	urldate = {2020-01-22},
	file = {Fideicommissum – Iurium Wiki:/Users/dominikbalint/Zotero/storage/KD9HDRBM/Fideicommissum.html:text/html;Fideicommissum – Iurium Wiki:/Users/dominikbalint/Zotero/storage/N54JEX5C/Fideicommissum.html:text/html}
}

@book{tichy_lubos_trust_2014,
	address = {Praha},
	title = {Trust a srovnatelné instituty v {Evropě}},
	publisher = {centrum právní komparatistiky PFUK v Praze},
	author = {Tichý, Luboš, Kateřina, Ronovská and {Kocí, Miloš}},
	year = {2014}
}

@misc{sraders_what_nodate,
	title = {What {Is} a {Trust}?},
	url = {https://www.thestreet.com/personal-finance/what-is-a-trust-14644964},
	abstract = {A trust is a three-party financial arrangement where one party (the trustor) gives a second party (the trustee) the ability to hold assets or property for a third party (the beneficiary).},
	language = {en-us},
	urldate = {2020-01-23},
	journal = {TheStreet},
	author = {Sraders, Anne},
	file = {Snapshot:/Users/dominikbalint/Zotero/storage/TBZAUILK/what-is-a-trust-14644964.html:text/html}
}

@misc{noauthor_trust_2020,
	title = {Trust law},
	copyright = {Creative Commons Attribution-ShareAlike License},
	url = {https://en.wikipedia.org/w/index.php?title=Trust_law&oldid=936680724},
	abstract = {A trust is a three-party fiduciary relationship in which the first party, the trustor or settlor, transfers ("settles") a property (often but not necessarily a sum of money) upon the second party (the trustee) for the benefit of the third party, the beneficiary.A testamentary trust is created by a will and arises after the death of the settlor.  An inter vivos trust is created during the settlor's lifetime by a trust instrument. A trust may be revocable or irrevocable; in the United States, a trust is presumed to be irrevocable unless the instrument or will creating it states it is revocable, except in California, Oklahoma and Texas, in which trusts are presumed to be revocable until the instrument or will creating them states they are irrevocable. An irrevocable trust can be "broken" (revoked) only by a judicial proceeding.
The trustee is the legal owner of the property in trust, as fiduciary for the beneficiary or beneficiaries who is/are the equitable owner(s) of the trust property.  Trustees thus have a fiduciary duty to manage the trust to the benefit of the equitable owners.  They must provide a regular accounting of trust income and expenditures. Trustees may be compensated and be reimbursed their expenses.  A court of competent jurisdiction can remove a trustee who breaches his/her fiduciary duty.  Some breaches of fiduciary duty can be charged and tried as criminal offences in a court of law.
A trustee can be a natural person, a business entity or a public body. A trust in the United States may be subject to federal and state taxation.
A trust is created by a settlor, who transfers title to some or all of his or her property to a trustee, who then holds title to that property in trust for the benefit of the beneficiaries. The trust is governed by the terms under which it was created. In most jurisdictions, this requires a contractual trust agreement or deed. It is possible for a single individual to assume the role of more than one of these parties, and for multiple individuals to share a single role.   For example, in a living trust it is common for the grantor to be both a trustee and a lifetime beneficiary while naming other contingent beneficiaries.Trusts have existed since Roman times and have become one of the most important innovations in property law. Trust law has evolved through court rulings differently in different states, so statements in this article are generalizations; understanding the jurisdiction-specific case law involved is tricky. Some U.S. states are adapting the Uniform Trust Code to codify and harmonize their trust laws, but state-specific variations still remain.
An owner placing property into trust turns over part of his or her bundle of rights to the trustee, separating the property's legal ownership and control from its equitable ownership and benefits. This may be done for tax reasons or to control the property and its benefits if the settlor is absent, incapacitated, or deceased. Testamentary trusts may be created in wills, defining how money and property will be handled for children or other beneficiaries.
While the trustee is given legal title to the trust property, in accepting title the trustee owes a number of fiduciary duties to the beneficiaries.  The primary duties owed include the duty of loyalty, the duty of prudence, and the duty of impartiality. Trustees may be held to a very high standard of care in their dealings in order to enforce their behavior. To ensure beneficiaries receive their due, trustees are subject to a number of ancillary duties in support of the primary duties, including duties of openness and transparency, and duties of recordkeeping, accounting, and disclosure.  In addition, a trustee has a duty to know, understand, and abide by the terms of the trust and relevant law. The trustee may be compensated and have expenses reimbursed, but otherwise must turn over all profits from the trust properties.
There are strong restrictions regarding a trustee with a conflict of interest. Courts can reverse a trustee's actions, order profits returned, and impose other sanctions if they find a trustee has failed in any of its duties. Such a failure is termed a breach of trust and can leave a neglectful or dishonest trustee with severe liabilities for its failures. It is highly advisable for both settlors and trustees to seek qualified legal counsel prior to entering into a trust agreement.},
	language = {en},
	urldate = {2020-01-23},
	journal = {Wikipedia},
	month = jan,
	year = {2020},
	note = {Page Version ID: 936680724},
	file = {Snapshot:/Users/dominikbalint/Zotero/storage/LJH8SRID/index.html:text/html}
}

@misc{noauthor_common_2020,
	title = {Common law},
	copyright = {Creative Commons Attribution-ShareAlike License},
	url = {https://en.wikipedia.org/w/index.php?title=Common_law&oldid=933600501},
	abstract = {Common law (also known as judicial precedent or judge-made law) is the body of law derived from judicial decisions of courts and similar tribunals.  The defining characteristic of "common law" is that it arises as precedent.  In cases where the parties disagree on what the law is, a common law court looks to past precedential decisions of relevant courts, and synthesizes the principles of those past cases as applicable to the current facts.  If a similar dispute has been resolved in the past, the court is usually bound to follow the reasoning used in the prior decision (a principle known as stare decisis). If, however, the court finds that the current dispute is fundamentally distinct from all previous cases (called a "matter of first impression"), and legislative statutes are either silent or ambiguous on the question, judges have the authority and duty to resolve the issue (one party or the other has to win, and on disagreements of law, judges make that decision). The court states an opinion that gives reasons for the decision, and those reasons agglomerate with past decisions as precedent to bind future judges and litigants. Common law, as the body of law made by judges, stands in contrast to and on equal footing with statutes which are adopted through the legislative process, and regulations which are promulgated by the executive branch (the interactions among these different sources of law are explained later in this article).  Stare decisis, the principle that cases should be decided according to consistent principled rules so that similar facts will yield similar results, lies at the heart of all common law systems.The common law—so named because it was "common" to all the king's courts across England—originated in the practices of the courts of the English kings in the centuries following the Norman Conquest in 1066. The British Empire spread the English legal system to its colonies, many of which retain the common law system today.  These "common law systems" are legal systems that give great weight to judicial precedent, and to the style of reasoning inherited from the English legal system.
 Today, one-third of the world's population lives in common law jurisdictions or in systems mixed with civil law, including Antigua and Barbuda, Australia,  Bahamas, Bangladesh, Barbados, Belize, Botswana, Burma, Cameroon, Canada (both the federal system and all its provinces except Quebec), Cyprus, Dominica, Fiji, Ghana, Grenada, Guyana, Hong Kong, India, Ireland, Israel, Jamaica, Kenya, Liberia, Malaysia, Malta, Marshall Islands, Micronesia, Namibia, Nauru, New Zealand, Nigeria, Pakistan, Palau, Papua New Guinea, Philippines, Sierra Leone, Singapore, South Africa, Sri Lanka, Trinidad and Tobago, the United Kingdom (including its overseas territories such as Gibraltar), the United States (both the federal system and 49 of its 50 states), and Zimbabwe. Some of these countries have variants on common law systems. In these countries, common law is considered synonymous with case law.},
	language = {en},
	urldate = {2020-01-23},
	journal = {Wikipedia},
	month = jan,
	year = {2020},
	note = {Page Version ID: 933600501},
	file = {Snapshot:/Users/dominikbalint/Zotero/storage/86YLRZNU/index.html:text/html}
}

@misc{noauthor_countries_nodate,
	title = {Countries {Legal} {Systems}},
	url = {http://www.juriglobe.ca/eng/syst-onu/index-alpha.php},
	urldate = {2020-01-23},
	file = {:/Users/dominikbalint/Zotero/storage/HVA58AIT/index-alpha.html:text/html}
}

@book{blaho_peter_haramia_ivan_a_zidlicka_michaela_zaklady_1997,
	address = {Bratislava},
	title = {Základy rímskeho práva},
	isbn = {80-85719-07-X},
	number = {1. vyd.},
	publisher = {Manz},
	author = {{BLAHO, Peter, HARAMIA, Ivan. a ŽIDLICKÁ, Michaela}},
	year = {1997}
}

@misc{noauthor_39_nodate,
	title = {39. {Agnatio} - {Ius} {Wiki}},
	url = {http://www.ius-wiki.eu/rimske-pravo/pfuk/riman/zkouska/skupina-i/otazka-39},
	urldate = {2020-01-23},
	file = {39. Agnatio - Ius Wiki:/Users/dominikbalint/Zotero/storage/SDEVEDPR/otazka-39.html:text/html}
}

@misc{noauthor_41_nodate,
	title = {41. {Cognatio} - {Ius} {Wiki}},
	url = {http://www.ius-wiki.eu/rimske-pravo/pfuk/riman/zkouska/skupina-i/otazka-41},
	urldate = {2020-01-23},
	file = {41. Cognatio - Ius Wiki:/Users/dominikbalint/Zotero/storage/99UIJGM7/otazka-41.html:text/html}
}

@article{marek_karel_redakcni_rada_casopis_2012,
	title = {Časopis pro právní vědu a praxi},
	issn = {1210-9126},
	url = {https://www.law.muni.cz/dokumenty/16679},
	number = {Právnická fakulta Masarykovi Univerzity v Brně},
	author = {{MAREK, Karel, Redakční rada}},
	year = {2012}
}

@misc{noauthor_riman_nodate,
	title = {Říman, přednáška 3 - {Ius} {Wiki}},
	url = {http://www.ius-wiki.eu/rimske-pravo/pfuk/riman/prednasky/prednaska3},
	urldate = {2020-01-23},
	file = {Říman, přednáška 3 - Ius Wiki:/Users/dominikbalint/Zotero/storage/KTMVTP5D/prednaska3.html:text/html}
}

@book{mousourakis_roman_2014,
	title = {Roman {Law} and the {Origins} of the {Civil} {Law} {Tradition}},
	isbn = {978-3-319-12268-7},
	abstract = {This unique publication offers a complete history of Roman law, from its early beginnings through to its resurgence in Europe where it was widely applied until the eighteenth century. Besides a detailed overview of the sources of Roman law, the book also includes sections on private and criminal law and procedure, with special attention given to those aspects of Roman law that have particular importance to today's lawyer. The last three chapters of the book offer an overview of the history of Roman law from the early Middle Ages to modern times and illustrate the way in which Roman law furnished the basis of contemporary civil law systems. In this part, special attention is given to the factors that warranted the revival and subsequent reception of Roman law as the ‘common law’ of Continental Europe. Combining the perspectives of legal history with those of social and political history, the book can be profitably read by students and scholars, as well as by general readers with an interest in ancient and early European legal history.The civil law tradition is the oldest legal tradition in the world today, embracing many legal systems currently in force in Continental Europe, Latin America and other parts of the world. Despite the considerable differences in the substantive laws of civil law countries, a fundamental unity exists between them. The most obvious element of unity is the fact that the civil law systems are all derived from the same sources and their legal institutions are classified in accordance with a commonly accepted scheme existing prior to their own development, which they adopted and adapted at some stage in their history. Roman law is both in point of time and range of influence the first catalyst in the evolution of the civil law tradition.},
	language = {en},
	publisher = {Springer},
	author = {Mousourakis, George},
	month = dec,
	year = {2014},
	note = {Google-Books-ID: SMeoBQAAQBAJ},
	keywords = {History / General, Law / General, Law / International, Law / Jurisprudence, Law / Reference, Philosophy / Reference}
}

@misc{noauthor_digest_nodate,
	title = {Digest of {Justinian}: {Liber} {I}},
	url = {https://www.thelatinlibrary.com/justinian/digest1.shtml},
	urldate = {2020-01-24},
	file = {Digest of Justinian\: Liber I:/Users/dominikbalint/Zotero/storage/3UKQVM75/digest1.html:text/html}
}

@misc{noauthor_digest_nodate-1,
	title = {The {Digest} or {Pandects} : {Book} 1 ( {Scott} )},
	url = {https://droitromain.univ-grenoble-alpes.fr/Anglica/D1_Scott.htm},
	urldate = {2020-01-24},
	file = {The Digest or Pandects \: Book 1 ( Scott ):/Users/dominikbalint/Zotero/storage/JARRP5HV/D1_Scott.html:text/html}
}

@book{palmer_mixed_2012,
	title = {Mixed {Jurisdictions} {Worldwide}: {The} {Third} {Legal} {Family}},
	isbn = {978-0-521-76857-3},
	shorttitle = {Mixed {Jurisdictions} {Worldwide}},
	abstract = {This examination of the mixed jurisdiction experience makes use of an innovative cross-comparative methodology to provide a wealth of detail on each of the nine countries studied. It identifies the deep resemblances and salient traits of this legal family, and the broad analytical overview highlights the family links while providing a detailed individual treatment of each country which reveals their individual personalities. This updated second edition includes two new countries (Botswana and Malta), and the appendices explore all other mixed jurisdictions and contain a special report on Cameroon.},
	language = {en},
	publisher = {Cambridge University Press},
	author = {Palmer, Vernon V. and Palmer, Vernon Valentine},
	month = jun,
	year = {2012},
	note = {Google-Books-ID: 3TEySULZdwgC},
	keywords = {Law / General, Law / Comparative, Law / Legal History}
}

@misc{noauthor__nodate,
	title = {{\textbar} {Annotated} {Civil} {Code} of {Québec} - {Section} 687},
	url = {https://ccq.lexum.com/w/ccq/en#!fragment/sec687/BQCwhgziBcwMYgK4DsDWszIQewE4BUBTADwBdoJC4A2ADgHYBKAGmW1MIgEVFDcBPaAHIhzSmFwIefQUIBEERLgBuAS2VgANgAJsAM22kQhOaPGSQAZTykAQoIAiAeQDCAVQCyAUQBy+APpOAEoOXkHMpGAARhSEEgiMjEA},
	urldate = {2020-01-27},
	file = {| Annotated Civil Code of Québec - Section 687:/Users/dominikbalint/Zotero/storage/98RMCWXH/en.html:text/html}
}

@misc{leclercq_inheritance_2014,
	title = {Inheritance {Law} in {Canada}, {Quebec} {\textbar} {Alain} {P}. {Lecours}, lawyer in {Montreal}},
	url = {https://lecourshebert.com/en/inheritance-law-canadian-province-quebec/},
	abstract = {Succession law \& Inheritance Law in Québec \& Canada -- A Brief Overview of Inheritance Law, by Mr. Alain P. Lecours, lawyer, and Mrs. Alexandra Billet, articling student},
	language = {en-US},
	urldate = {2020-01-28},
	journal = {Lecours Hébert},
	author = {Leclercq, Quentin},
	month = may,
	year = {2014},
	file = {Snapshot:/Users/dominikbalint/Zotero/storage/972AAWAG/inheritance-law-canadian-province-quebec.html:text/html}
}

@book{lubos_tichy_sverensky_2017,
	address = {Praha},
	series = {2. vydání},
	title = {Svěřenský fond a trust - jejich fungování v mezinárodním srovnání},
	isbn = {978-80-87975-67-1},
	publisher = {Centrum právní komparatistiky PFUK v Praze},
	author = {{Luboš Tichý}},
	year = {2017}
}

@misc{sro_httpwwwpraguebestcz_podrobneji_nodate,
	title = {Podrobněji k svěřenskému fondu},
	url = {https://www.nkcr.cz/casopis-ad-notam/detail/39_181-podrobneji-k-sverenskemu-fondu},
	abstract = {Popis v nastavení - prezentace - NKČR CZ},
	language = {cs},
	urldate = {2020-01-29},
	author = {s.r.o. [http://www.praguebest.cz, PragueBest and NKČR},
	file = {Snapshot:/Users/dominikbalint/Zotero/storage/SK8CDSDE/39_181-podrobneji-k-sverenskemu-fondu.html:text/html}
}

@article{kuhn_vedlejsi_nodate,
	title = {Vedlejší doložky v závěti},
	language = {cs},
	author = {Kuhn, Marek},
	pages = {78},
	file = {Kuhn - Vedlejší doložky v závěti.pdf:/Users/dominikbalint/Zotero/storage/SXQMESC9/Kuhn - Vedlejší doložky v závěti.pdf:application/pdf}
}

@book{jaroslav_svejkovsky_sprava_2015,
	address = {Praha},
	series = {1. vydání},
	title = {Správa cizího majetku v novém občanském zákoníku, komentář § 1400 - 1474},
	isbn = {978-80-7400-548-0},
	publisher = {C.H. Beck},
	author = {{Jaroslav Svejkovský} and {Radan Marek a kolektiv}},
	year = {2015}
}

@book{svestka_j_obcansky_2014,
	address = {Praha},
	title = {Občanský zákoník. {Komentář} {Svazek} {IV} § 1475 - 1720},
	isbn = {978-80-7478-579-5},
	publisher = {Wolters Kluwer},
	author = {{Švestka J.} and {Dvořák J.} and {Fiala J. a kolektiv}},
	year = {2014}
}

@book{spacil_j_a_kolektiv_obcansky_2013,
	address = {Praha},
	series = {1. vydání},
	title = {Občanský zákoník {III}. {Věcná} práva (§ 976–1474)},
	isbn = {978-80-7400-499-5},
	publisher = {C.H. Beck},
	author = {{Spáčil J. a kolektiv}},
	year = {2013}
}

@book{svestka_j_obcansky_2014-1,
	address = {Praha},
	title = {Občanský zákoník. {Komentář}. {Svazek} {III}. § 976 - 1474},
	isbn = {978-80-7478-546-7},
	publisher = {Wolters Kluwer},
	author = {{Švestka J.} and {Dvořák J.} and Kocí M. and Fiala J. a kolektiv},
	year = {2014}
}

@book{svejkovsky_jaroslav_sverenske_2018,
	address = {Praha},
	title = {Svěřenské fondy {Příležitosti} a rizika},
	isbn = {978-80-7400-726-2},
	publisher = {C.H. Beck},
	author = {{Svejkovský Jaroslav} and {Kovář Ivan a kolektiv}},
	year = {2018}
}

@misc{noauthor_75_nodate,
	title = {75. {Principy} dědického práva - {Ius} {Wiki}},
	url = {http://www.ius-wiki.eu/rimske-pravo/pfuk/riman/zkouska/skupina-ii/otazka-75},
	urldate = {2020-02-03},
	file = {75. Principy dědického práva - Ius Wiki:/Users/dominikbalint/Zotero/storage/PK558HMH/otazka-75.html:text/html}
}

@misc{noauthor_informacni_nodate,
	title = {Informační brožura},
	url = {http://obcanskyzakonik.justice.cz/index.php/dedicke-pravo/informacni-brozura},
	urldate = {2020-02-03},
	file = {Informační brožura:/Users/dominikbalint/Zotero/storage/FHV5HVDE/informacni-brozura.html:text/html}
}

@misc{noauthor_bulletin_nodate,
	title = {Bulletin advokacie, odborný právnický portál {\textbar} {Funkční} kategorizace svěřenských fondů},
	url = {http://www.bulletin-advokacie.cz/funkcni-kategorizace-sverenskych-fondu},
	urldate = {2020-02-11},
	file = {Bulletin advokacie, odborný právnický portál | Funkční kategorizace svěřenských fondů:/Users/dominikbalint/Zotero/storage/B2UKBMYY/funkcni-kategorizace-sverenskych-fondu.html:text/html}
}

@misc{noauthor_podrobneji_nodate,
	title = {Podrobněji k svěřenskému fondu},
	url = {https://www.nkcr.cz/casopis-ad-notam/detail/39_181-podrobneji-k-sverenskemu-fondu},
	urldate = {2020-02-11},
	file = {Podrobněji k svěřenskému fondu:/Users/dominikbalint/Zotero/storage/3DM5PGCF/39_181-podrobneji-k-sverenskemu-fondu.html:text/html;Podrobněji k svěřenskému fondu:/Users/dominikbalint/Zotero/storage/A2P5V93R/39_181-podrobneji-k-sverenskemu-fondu.html:text/html}
}

@misc{noauthor_prakticke_nodate,
	title = {Praktické aspekty svěřenského fondu ve světle návrhu urgentní novely občanského zákoníku},
	url = {https://www.nkcr.cz/casopis-ad-notam/detail/39_191-prakticke-aspekty-sverenskeho-fondu-ve-svetle-navrhu-urgentni-novely-obcanskeho-zakoniku},
	urldate = {2020-02-12},
	file = {Praktické aspekty svěřenského fondu ve světle návrhu urgentní novely občanského zákoníku:/Users/dominikbalint/Zotero/storage/6TJQK85W/39_191-prakticke-aspekty-sverenskeho-fondu-ve-svetle-navrhu-urgentni-novely-obcanskeho-zakoniku.html:text/html}
}

@book{prof_dr_judr_karel_elias_a_kolektiv_novy_2012,
	title = {Nový občanský zákoník s aktualizovanou důvodovou správou a rejstříkem},
	isbn = {978-80-7208-922-2},
	publisher = {Nakladatelství Sagit, a.s.},
	author = {{prof. Dr. JUDr. Karel Eliáš a kolektiv}},
	year = {2012}
}

@misc{sro_httpwwwpraguebestcz_sverensky_nodate,
	title = {Svěřenský fond po změnách právní úpravy},
	url = {https://www.nkcr.cz/casopis-ad-notam/detail/39_488-sverensky-fond-po-zmenach-pravni-upravy},
	abstract = {Občanský zákoník se po třech letech účinnosti dočkal první novelizace.},
	language = {cs},
	urldate = {2020-02-19},
	author = {s.r.o. [http://www.praguebest.cz, PragueBest and NKČR},
	file = {Snapshot:/Users/dominikbalint/Zotero/storage/8UM79P3V/39_488-sverensky-fond-po-zmenach-pravni-upravy.html:text/html}
}

@article{ondrejcova_procesni_nodate,
	title = {Procesní souvislosti svěřenských fondů v komparativní perspektivě},
	abstract = {Diploma thesis deals with legal regulation of trusts with putting stress on its procedural aspects through its comparison with other trust jurisdictions. The aim of the thesis is to specify and analyze legal issues which are in question in the Czech trust law from the point of view both substantive law and procedural law and to find an appropriate answer or solution on identified questions by means of comparison with the approach of different countries which recognize trust and have its own trust law.},
	language = {cs},
	author = {Ondřejcová, Sabina},
	pages = {110},
	file = {Ondřejcová - Procesní souvislosti svěřenských fondů v komparati.pdf:/Users/dominikbalint/Zotero/storage/NFQ2UABJ/Ondřejcová - Procesní souvislosti svěřenských fondů v komparati.pdf:application/pdf}
}

@misc{noauthor_sverensky_nodate-1,
	title = {Svěřenský fond a velká očekávání?},
	url = {https://www.epravo.cz/top/clanky/sverensky-fond-a-velka-ocekavani-94144.html},
	abstract = {Průvodce na cestě právem. Odborné texty z pera špičkových právníků.},
	language = {cs},
	urldate = {2020-02-19},
	journal = {EPRAVO.CZ},
	file = {Snapshot:/Users/dominikbalint/Zotero/storage/M97D5GY6/sverensky-fond-a-velka-ocekavani-94144.html:text/html}
}

@misc{skuhrovec_michal_sverensky_2018,
	title = {Svěřenský fond - institut mezigeneračního uchování a předání majetku.},
	author = {{SKUHROVEC, Michal.}},
	year = {2018},
	note = {Diplomová práce. Univerzita Karlova, Právnická fakulta, Katedra občanského práva. Vedoucí práce Frinta, Ondřej.}
}

@book{underhill_a_hayton_d_law_2010,
	title = {Law {Relating} to {Trusts} and {Trustees}},
	volume = {Eighteenth Edition.},
	publisher = {LexisNexis},
	author = {{UNDERHILL, A., HAYTON, D.}},
	year = {2010}
}

@book{lucie_joskova_sprava_2017,
	address = {Praha},
	title = {Správa cizího majetku},
	isbn = {978-80-7552-552-9},
	publisher = {Wolters Kluwer},
	author = {Lucie Josková and {Lukáš Pěsna}},
	year = {2017}
}

@misc{noauthor_doba_nodate,
	title = {Doba trvání a zánik svěřenského fondu {\textbar} {Prague} {Trust}},
	url = {http://www.praguetrust.com/doba-trvani-a-zanik-sverenskeho-fondu/},
	urldate = {2020-04-04},
	file = {Doba trvání a zánik svěřenského fondu | Prague Trust:/Users/dominikbalint/Zotero/storage/AMYX9GAR/doba-trvani-a-zanik-sverenskeho-fondu.html:text/html}
}

@misc{noauthor_danove_nodate,
	title = {Daňové aspekty svěřenského fondu},
	url = {https://is.cuni.cz/webapps/zzp/detail/157043/},
	urldate = {2020-04-04},
	file = {Daňové aspekty svěřenského fondu:/Users/dominikbalint/Zotero/storage/3BB9Q6WL/157043.html:text/html}
}

@misc{noauthor_danove_nodate-1,
	title = {Daňové souvislosti plnění ze svěřenského fondu - {Portál} {POHODA}},
	url = {https://portal.pohoda.cz/dane-ucetnictvi-mzdy/dan-z-prijmu/danove-souvislosti-plneni-obmyslenemu-ze-sverenske/},
	urldate = {2020-04-04},
	file = {Daňové souvislosti plnění ze svěřenského fondu - Portál POHODA:/Users/dominikbalint/Zotero/storage/8ZHQ37RB/danove-souvislosti-plneni-obmyslenemu-ze-sverenske.html:text/html}
}

@misc{noauthor_vyplati_nodate,
	title = {Vyplatí se svěřenský fond z pohledu daní? {\textbar} {Svěřenská} správa},
	shorttitle = {Vyplatí se svěřenský fond z pohledu daní?},
	url = {https://www.svsp.cz/magazin/clanky/vyplati-se-sverensky-fond-z-pohledu-dani},
	urldate = {2020-04-04},
	note = {Library Catalog: www.svsp.cz},
	file = {Snapshot:/Users/dominikbalint/Zotero/storage/47GD6RR9/vyplati-se-sverensky-fond-z-pohledu-dani.html:text/html}
}

@misc{sro_httpwwwpraguebestcz_sverensky_nodate-1,
	title = {Svěřenský fond},
	url = {https://www.nkcr.cz/casopis-ad-notam/detail/39_167-sverensky-fond},
	abstract = {Popis v nastavení - prezentace - NKČR CZ},
	language = {cs},
	urldate = {2020-04-04},
	author = {s.r.o. [http://www.praguebest.cz, PragueBest and NKČR},
	note = {Library Catalog: www.nkcr.cz},
	file = {Snapshot:/Users/dominikbalint/Zotero/storage/VJ4JXSAQ/39_167-sverensky-fond.html:text/html}
}

@book{koci_milos_obcansky_2014,
	address = {Praha},
	edition = {Svazek III},
	title = {Občanský zákoník. {Komentář}},
	publisher = {Wolters Kluwer},
	author = {{Kocí, Miloš} and {Švestka J.} and {Dvořák J.} and {Fiala J. a kolektiv}},
	year = {2014}
}

@book{jan_kuklik_dejiny_2011,
	address = {Praha},
	title = {Dějiny angloamerického práva},
	isbn = {978-80-87212-87-5},
	publisher = {Leges},
	author = {{Jan Kuklík}},
	year = {2011}
}

@book{claxton_john_b_studies_2005,
	address = {Toronto},
	title = {Studies on the {Quebec} {Law} of {Trust}},
	publisher = {Thomson Carswell},
	author = {{Claxton, John B.}},
	year = {2005}
}

@book{andrew_burrows_english_2013,
	address = {Oxford},
	edition = {Third Edition},
	title = {English {Private} {Law}},
	isbn = {978-0-19-966177-0},
	publisher = {Oxford University Press},
	author = {{Andrew Burrows}},
	year = {2013}
}

@book{judith_bray_students_2012,
	address = {Cambridge},
	edition = {First Edition},
	title = {A {Student}'s {Guide} to {Equity} and {Trusts}},
	isbn = {978-0-521-15299-0},
	publisher = {Cambridge University Press},
	author = {Judith Bray},
	year = {2012}
}

@article{ondrej_horak_tzv_2010,
	title = {{TZV}. {DĚLENÉ} {VLASTNICTVÍ} {V} 19. {A} 20. {STOLETÍ} ({K} {PROMĚNÁM} {CHÁPÁNÍ} {TRADIČNÍHO} {POJMU} {V} {DOMÁCÍ} {PRÁVNÍ} {VĚDĚ})},
	language = {cs},
	author = {Ondřej Horák},
	year = {2010},
	pages = {11},
	file = {Horák - 2010 - TZV. DĚLENÉ VLASTNICTVÍ V 19. A 20. STOLETÍ (K PRO.pdf:/Users/dominikbalint/Zotero/storage/X37BKE2A/Horák - 2010 - TZV. DĚLENÉ VLASTNICTVÍ V 19. A 20. STOLETÍ (K PRO.pdf:application/pdf}
}

@book{michael_milo_trusts_2000,
	title = {Trusts in {Mixed} {Legal} {Systems}: {A} {Challenge} to {Comparative} {Trust} {Law}. {European} {Review} of {Private} {Law}, pp. 421-426, 2000. {Available} at {SSRN}: https://ssrn.com/abstract=1570588},
	author = {{Michael Milo} and {Jan Smits}},
	year = {2000}
}

@misc{noauthor_sverenske_nodate-1,
	title = {Svěřenské fondy ve světle insolvenční regulace –},
	url = {https://www.epravo.cz/top/clanky/sverenske-fondy-ve-svetle-insolvencni-regulace-neucinnost-vycleneni-majetku-109958.html},
	abstract = {Průvodce na cestě právem. Odborné texty z pera špičkových právníků.},
	language = {cs},
	urldate = {2020-04-21},
	journal = {EPRAVO.CZ},
	note = {Library Catalog: www.epravo.cz},
	file = {Snapshot:/Users/dominikbalint/Zotero/storage/RY8MPS8X/sverenske-fondy-ve-svetle-insolvencni-regulace-neucinnost-vycleneni-majetku-109958.html:text/html}
}

@book{stenglova_ivana_pocta_2006,
	address = {Plzeň},
	title = {Pocta {Miloši} {Tomsovi} k 80. narozeninám},
	isbn = {80-86898-81-4},
	publisher = {Aleš Čeněk},
	author = {{Štenglová Ivana}},
	year = {2006}
}

@misc{government_of_canada_department_2008,
	title = {Department of {Justice} - {Criteria} for hyperlinking},
	url = {https://www.justice.gc.ca/eng/rp-pr/csj-sjc/harmonization/hassa/fv1.html},
	abstract = {Department of Justice Canada's Internet site},
	language = {eng},
	urldate = {2020-04-21},
	author = {Government of Canada, Department of Justice},
	month = nov,
	year = {2008},
	note = {Last Modified: 2009-04-01
Library Catalog: www.justice.gc.ca},
	file = {Snapshot:/Users/dominikbalint/Zotero/storage/K5CPX3RQ/fv1.html:text/html}
}

@article{smith_trust_2014,
	title = {Trust and {Patrimony}},
	volume = {38},
	issn = {2292-2512, 0035-3086},
	url = {http://id.erudit.org/iderudit/1027041ar},
	doi = {10.7202/1027041ar},
	abstract = {The French jurist Pierre Lepaulle argued that the common law trust could be best understood, in civilian terms, as a patrimony by appropriation. This argument has been influential in some civilian receptions of the trust. In fact, Lepaulle misunderstood the nature of the common law trust, which is founded on the obligations owed by the trustee in relation to the trust property. The rights of beneficiaries in the common law trust are neither purely personal rights against the trustee, nor are they real rights in the trust property, but rather they are rights over the rights which the trustee holds as trust property; they have a proprietary character since they persist against many third party transferees of the trust property. This analysis of the common law trust leads to the conclusion that it would be a fundamental change to turn the common law trust into a legal person. More generally, it is argued that any legal system that characterizes the trust as a legal person will find that it has ceased to understand the trust as a fundamental legal institution.
          , 
            
              Le juriste français Pierre Lepaulle prétendait que le
              trust
              de la common law pourrait être mieux compris, selon la tradition civiliste, en tant que patrimoine d’affectation. Ce point de vue a profondément influencé quelques réceptions du
              trust
              en droit civil. En fait, Lepaulle a mal compris la nature du
              trust
              de la common law, qui est fondé sur les obligations du fiduciaire concernant les biens du
              trust
              . Les droits des bénéficiaires dans le
              trust
              de la common law ne sont ni des droits purement personnels, contre le fiduciaire, ni des droits réels dans les biens du
              trust
              ; ils sont plutôt des droits dans les droits détenus par le fiduciaire en tant que biens du
              trust
              . Les droits des bénéficiaires possèdent un caractère propriétaire parce qu’ils sont opposables à plusieurs tiers qui reçoivent les biens du
              trust
              . Cette analyse du
              trust
              de la common law mène à la conclusion que de transformer le
              trust
              de la common law en personne morale serait un changement fondamental. Plus généralement, il est suggéré que tout système juridique qui qualifie le
              trust
              de personne morale cesse de le voir comme une institution juridique fondamentale.},
	language = {en},
	number = {2},
	urldate = {2020-04-21},
	journal = {Revue générale de droit},
	author = {Smith, Lionel D.},
	month = oct,
	year = {2014},
	pages = {379--403},
	file = {Smith - 2014 - Trust and Patrimony.pdf:/Users/dominikbalint/Zotero/storage/L5BMBCU7/Smith - 2014 - Trust and Patrimony.pdf:application/pdf}
}

@book{lionel_d_smith_re-imagining_2012,
	address = {Cambridge},
	title = {Re-imagining the {Trust}: {Trusts} in {Civil} {Law}},
	isbn = {978-1-107-01132-8},
	publisher = {Cambridge University Press},
	author = {{Lionel D. Smith}},
	year = {2012}
}

@book{spacil_j_obcansky_2014,
	address = {Praha},
	title = {Občanský zákoník {III}. {Věcná} práva (§ 976-1474). {Komentář}},
	isbn = {978-80-7400-499-5},
	publisher = {C.H. Beck},
	author = {{Spáčil J.} and {Dobrovolná E.} and {Handrlica J.} and {Pihera B.}},
	year = {2014}
}

@book{kincl_j_rimske_1995,
	address = {Praha},
	title = {Římské právo},
	isbn = {80-7179-031-1},
	publisher = {C.H. Beck},
	author = {{Kincl J.} and {Urfus V.} and {Skřejpek M.}},
	year = {1995}
}

@book{johnston_d_roman_1988,
	address = {Oxford},
	title = {Roman {Law} of {Trusts}},
	publisher = {Claredon Press},
	author = {{Johnston D.}},
	year = {1988}
}

@book{bartosek_milan_encyklopedie_1981,
	address = {Praha},
	title = {Encyklopedie římského práva},
	publisher = {Panorama},
	author = {{Bartošek Milan} and {Javorský Jan}},
	year = {1981}
}

@misc{noauthor_sv_nodate,
	title = {Sv. {Ivo} {\textbar} {Muzeum} {Karlova} {Mostu}},
	url = {http://www.muzeumkarlovamostu.cz/cz/karluv-most/sochy-na-moste/sv-ivo},
	urldate = {2020-04-26},
	file = {Sv. Ivo | Muzeum Karlova Mostu:/Users/dominikbalint/Zotero/storage/YRW64PA5/sv-ivo.html:text/html}
}

@misc{noauthor_lex_nodate,
	title = {Lex {XII} {Tabularum} ( {English} translation : {ARS} )},
	url = {https://droitromain.univ-grenoble-alpes.fr/Anglica/twelve_Johnson.html},
	urldate = {2020-04-26},
	file = {Lex XII Tabularum ( English translation \: ARS ):/Users/dominikbalint/Zotero/storage/KMJVY255/twelve_Johnson.html:text/html}
}

@article{thompson_was_2006,
	title = {Was {Ancient} {Rome} a {Dead} {Wives} {Society}? {What} did the {Roman} {Paterfamilias} {Get} {Away} {With}?},
	volume = {31},
	issn = {0363-1990, 1552-5473},
	shorttitle = {Was {Ancient} {Rome} a {Dead} {Wives} {Society}?},
	url = {http://journals.sagepub.com/doi/10.1177/0363199005283010},
	doi = {10.1177/0363199005283010},
	language = {en},
	number = {1},
	urldate = {2020-04-26},
	journal = {Journal of Family History},
	author = {Thompson, Steven},
	month = jan,
	year = {2006},
	pages = {3--27},
	file = {Thompson - 2006 - Was Ancient Rome a Dead Wives Society What did th.pdf:/Users/dominikbalint/Zotero/storage/KDVWEDX7/Thompson - 2006 - Was Ancient Rome a Dead Wives Society What did th.pdf:application/pdf}
}

@book{treggiari_susan_roman_1991,
	address = {Oxford},
	title = {Roman {Marriage}: {Iusti} {Coniuges} from the {Time} of {Cicero} to the {Time} of {Ulpian}},
	publisher = {Claredon Press},
	author = {{Treggiari Susan}},
	year = {1991}
}

@book{bonnie_maclachlan_women_2013,
	title = {Women in {Ancient} {Rome}: {A} {Sourcebook}},
	isbn = {978-1-4411-7749-0},
	publisher = {Bloomsbury Academic},
	author = {{Bonnie MacLachlan}},
	year = {2013}
}

@book{philip_s_white_war_1846,
	address = {Harvard},
	title = {The {War} of {Four} {Thousand} {Years}},
	publisher = {Griffith \& Simon},
	author = {Philip S. White and {H. R. Pleasants}},
	year = {1846}
}

@book{kapras_jan_porucenstvi_1904,
	address = {Praha},
	title = {Poručenství nad sirotky v právu českém},
	author = {{Kapras Jan}},
	year = {1904}
}

@book{hrdina_ignac_prehled_2010,
	address = {Plzeň},
	title = {Přehled římského práva soukromého ke státní souborné zkoušce},
	publisher = {Vydavatelství a nakladatelství Aleš Čeněk},
	author = {Hrdina Ignác and Antonín Dostalík and {Petr Dostalík}},
	year = {2010}
}

@book{william_warwick_buckland_arnold_duncan_mcnair_frederick_henry_lawson_roman_1965,
	title = {Roman {Law} and {Common} {Law}: {A} {Comparison} in {Outline}},
	publisher = {CUP Archive},
	author = {{William Warwick Buckland, Arnold Duncan McNair, Frederick Henry Lawson}},
	year = {1965}
}

@article{faris_changing_nodate,
	title = {Changing {Public} {Policy} and the {Evolution} of {Roman} {Civil} and {Criminal} {Law} on {Gambling}},
	volume = {3},
	language = {en},
	author = {Faris, Suzanne B},
	pages = {22},
	file = {Faris - Changing Public Policy and the Evolution of Roman .pdf:/Users/dominikbalint/Zotero/storage/YXFWC7D6/Faris - Changing Public Policy and the Evolution of Roman .pdf:application/pdf}
}

@misc{noauthor_lacuscurtius_nodate,
	title = {{LacusCurtius} • {Roman} {Law} — {Donatio} ({Smith}'s {Dictionary}, 1875)},
	url = {http://penelope.uchicago.edu/Thayer/E/Roman/Texts/secondary/SMIGRA*/Donatio.html},
	urldate = {2020-05-01},
	file = {LacusCurtius • Roman Law — Donatio (Smith's Dictionary, 1875):/Users/dominikbalint/Zotero/storage/8PPEZKMT/Donatio.html:text/html}
}

@article{codrea_legal_2014,
	series = {{LUMEN} 2014 - {From} {Theory} to {Inquiry} in {Social} {Sciences}, {Iasi}, {Romania}, 10-12 {April} 2014},
	title = {Legal {Limitations} of the {Anthropological} {Notion} of the {Gift} in {Roman} {Law}},
	volume = {149},
	issn = {1877-0428},
	url = {http://www.sciencedirect.com/science/article/pii/S1877042814049301},
	doi = {10.1016/j.sbspro.2014.08.217},
	abstract = {The gift from an anthropological perspective differs from the rigid civil notion of donation, which presupposes an unilateral, gratuitous transfer from one person to another. The anthropological notion of the gift includes all gratuitous transfers, either material or non-material. Therefore, the relation between the anthropological notion of the gift and the legal notion of donation is one of inclusion. However, limitations imposed on donations in Roman law follow the same logic of the legal limitations on other gratuitous transfers such as the ones prohibited by leges sumptuaria. In this article I will analyze the reasons behind the legal interdictions in Roman law on some gratuitous spending, including donations between spouses, the ones prohibited by Lex cincia de donis et muneribus and by leges sumptuaria, interdictions that deal with the anthropological function of the gift in the greco-roman world.},
	language = {en},
	urldate = {2020-05-01},
	journal = {Procedia - Social and Behavioral Sciences},
	author = {Codrea, Codrin},
	month = sep,
	year = {2014},
	keywords = {gift, gratuitous spending, rivalry, Roman law, social status},
	pages = {200--205},
	file = {ScienceDirect Snapshot:/Users/dominikbalint/Zotero/storage/QVJRSGGE/S1877042814049301.html:text/html;ScienceDirect Full Text PDF:/Users/dominikbalint/Zotero/storage/BUQAPMYH/Codrea - 2014 - Legal Limitations of the Anthropological Notion of.pdf:application/pdf}
}

@book{plessis_new_2013,
	title = {New {Frontiers}: {Law} and {Society} in the {Roman} {World}: {Law} and {Society} in the {Roman} {World}},
	isbn = {978-0-7486-6818-2},
	shorttitle = {New {Frontiers}},
	abstract = {Roman law as a field of study is rapidly evolving to reflect new perspectives and approaches in research. Scholars who work on the subject are increasingly being asked to conduct research in an interdisciplinary manner whereby Roman law is not merely seen as a set of abstract concepts devoid of any background, but as a body of law which operated in a specific social, economic and cultural context. This context-based, 'law and society' approach to the study of Roman law is an exciting new field which legal historians must address. This interdisciplinary collection focuses on three larger themes which have emerged from these studies: Roman legal thought the interaction between legal theory and legal practice and the relationship between law and economics.},
	language = {en},
	publisher = {Edinburgh University Press},
	author = {Plessis, Paul J. du},
	month = jan,
	year = {2013},
	note = {Google-Books-ID: vEGrBgAAQBAJ},
	keywords = {Law / Legal History, History / Ancient / General, History / Ancient / Rome, Law / Gender \& the Law, Law / General Practice}
}

@book{mckechnie_thinking_2002,
	title = {Thinking {Like} a {Lawyer}: {Essays} on {Legal} {History} and {General} {History} for {John} {Crook} on his {Eightieth} {Birthday}},
	isbn = {978-90-474-0138-4},
	shorttitle = {Thinking {Like} a {Lawyer}},
	abstract = {In this collection of essays, contributors act on John Crook's injunction to 'think like lawyers' about Roman law and Rome—and also ancient Greece, Persia, and the modern world. A literary strand runs through the book alongside its legal and historical strands.},
	language = {en},
	publisher = {BRILL},
	author = {McKechnie, Paul},
	month = feb,
	year = {2002},
	note = {Google-Books-ID: FSo\_DwAAQBAJ},
	keywords = {History / Ancient / General, History / Civilization}
}

@article{noauthor_sprava_nodate,
	title = {Správa cizího majetku a svěřenský fond v širších souvislostech},
	language = {cs},
	pages = {33},
	file = {Správa cizího majetku a svěřenský fond v širších s.pdf:/Users/dominikbalint/Zotero/storage/U94IQLY5/Správa cizího majetku a svěřenský fond v širších s.pdf:application/pdf}
}

@misc{noauthor_hcch_nodate,
	title = {{HCCH} {\textbar} \#30 - {Status} table},
	url = {https://www.hcch.net/en/instruments/conventions/status-table/?cid=59},
	abstract = {Convention of 1 July 1985 on the Law Applicable to Trusts and on their Recognition},
	language = {en},
	urldate = {2020-05-18},
	note = {Library Catalog: www.hcch.net}
}
